<?xml version="1.0" encoding="UTF-8"?><record xmlns="http://www.loc.gov/MARC21/slim" xmlns:cinclude="http://apache.org/cocoon/include/1.0" xmlns:zs="http://www.loc.gov/zing/srw/">
  <leader>00446cz  a2200133n  4500</leader>
  <controlfield tag="001">n  88210119 </controlfield>
  <controlfield tag="003">DLC</controlfield>
  <controlfield tag="005">19890826070153.6</controlfield>
  <controlfield tag="008">890705n| acannaab|          |n aaa |||  </controlfield>
  <datafield tag="010" ind1=" " ind2=" ">
    <subfield code="a">n  88210119 </subfield>
  </datafield>
  <datafield tag="040" ind1=" " ind2=" ">
    <subfield code="a">DLC</subfield>
    <subfield code="c">DLC</subfield>
  </datafield>
  <datafield tag="100" ind1="1" ind2="0">
    <subfield code="a">Trippi, Robert R.</subfield>
  </datafield>
  <datafield tag="670" ind1=" " ind2=" ">
    <subfield code="a">His Investment management, c1990:</subfield>
    <subfield code="b">CIP t.p. (Robert R. Trippi, Sigma Research Assoc., U.S. Internat. U) data sheet (b. 7-10-44)</subfield>
  </datafield>
  <datafield tag="670" ind1=" " ind2=" ">
    <subfield code="a">LC data base, 6-29-89</subfield>
    <subfield code="b">(hdg.: Trippi, Robert R.)</subfield>
  </datafield>
</record>